@Book{Bishop06,
  author = 	 "Christopher M. Bishop",
  title = 	 "Pattern Recognition and Machine Learning",
  publisher = 	 "Springer",
  year = 	 "2006"
}

@inproceedings{FreundSc96,
  author    = {Yoav Freund and Robert E. Schapire},
  title     = {Experiments with a New Boosting Algorithm},
  booktitle = {Proceedings of the 13th International Conference on Machine Learning (ICML)},
  year      = {1996}
}

@misc{DuaKa17,
author = "Dua, Dheeru and Karra Taniskidou, Efi",
year = "2017",
title = "{UCI Machine Learning Repository}",
note = "http://archive.ics.uci.edu/ml",
institution = "University of California, Irvine, School of Information and Computer Sciences" }

@article{LeCun+15,
  author    = {Yann LeCun and Yoshua Bengio and Geoffrey E. Hinton},
  title     = {Deep Learning},
  journal   = {Nature},
  volume    = {521},
  number    = {7553},
  pages     = {436--444},
  year      = {2015}
}

@misc{semcor,
  title = "SemCor Corpus",
  howpublished = "\url{https://www.gabormelli.com/RKB/SemCor_Corpus}"
}

@misc{wordnet,
  title = "About WordNet",
  institution = "Princeton University",
  howpublished = "\url{https://wordnet.princeton.edu/citing-wordnet}"
}

@misc{colocation,
  title = "Colocation",
  howpublished = "\url{https://en.wikipedia.org/wiki/Collocation}"
}

@misc{bagofwords,
  title = "Bag-of-words",
  howpublished = "\url{https://en.wikipedia.org/wiki/Bag-of-words_model}"
}

@inproceedings{lesk1986automatic,
  title={Automatic sense disambiguation using machine readable dictionaries: how to tell a pine cone from an ice cream cone},
  author={Lesk, Michael},
  booktitle={Proceedings of the 5th annual international conference on Systems documentation},
  pages={24--26},
  year={1986},
  organization={ACM}
}

@article{quinlan1986induction,
  title={Induction of decision trees},
  author={Quinlan, J. Ross},
  journal={Machine learning},
  volume={1},
  number={1},
  pages={81--106},
  year={1986},
  publisher={Springer}
}

@article{mooney1996comparative,
  title={Comparative experiments on disambiguating word senses: An illustration of the role of bias in machine learning},
  author={Mooney, Raymond J},
  journal={arXiv preprint cmp-lg/9612001},
  year={1996}
}

@article{ng1997getting,
  title={Getting serious about word sense disambiguation},
  author={Ng, Hwee Tou},
  year={1997},
  publisher={Citeseer}
}

@article{cottrell1985connectionist,
  title={A connectionist approach to word sense disambiguation},
  author={Cottrell, Garrison Weeks},
  year={1985}
}

@inproceedings{lee2002empirical,
  title={An empirical evaluation of knowledge sources and learning algorithms for word sense disambiguation},
  author={Lee, Yoong Keok and Ng, Hwee Tou},
  booktitle={Proceedings of the ACL-02 conference on Empirical methods in natural language processing-Volume 10},
  pages={41--48},
  year={2002},
  organization={Association for Computational Linguistics}
}

@article{schutze1998automatic,
  title={Automatic word sense discrimination},
  author={Sch{\"u}tze, Hinrich},
  journal={Computational linguistics},
  volume={24},
  number={1},
  pages={97--123},
  year={1998},
  publisher={MIT Press}
}

@article{oord2016pixel,
  title={Pixel recurrent neural networks},
  author={Oord, Aaron van den and Kalchbrenner, Nal and Kavukcuoglu, Koray},
  journal={arXiv preprint arXiv:1601.06759},
  year={2016}
}

@article{van2016wavenet,
  title={Wavenet: A generative model for raw audio},
  author={Van Den Oord, Aaron and Dieleman, Sander and Zen, Heiga and Simonyan, Karen and Vinyals, Oriol and Graves, Alex and Kalchbrenner, Nal and Senior, Andrew and Kavukcuoglu, Koray},
  journal={arXiv preprint arXiv:1609.03499},
  year={2016}
}

@inproceedings{he2016deep,
  title={Deep residual learning for image recognition},
  author={He, Kaiming and Zhang, Xiangyu and Ren, Shaoqing and Sun, Jian},
  booktitle={Proceedings of the IEEE conference on computer vision and pattern recognition},
  pages={770--778},
  year={2016}
}

@inproceedings{mikolov2013distributed,
  title={Distributed representations of words and phrases and their compositionality},
  author={Mikolov, Tomas and Sutskever, Ilya and Chen, Kai and Corrado, Greg S and Dean, Jeff},
  booktitle={Advances in neural information processing systems},
  pages={3111--3119},
  year={2013}
}
